@book{morton_mayers_2005, place={Cambridge}, edition={2}, title={Numerical Solution of Partial Differential Equations: An Introduction}, DOI={10.1017/CBO9780511812248}, publisher={Cambridge University Press}, author={Morton, K. W. and Mayers, D. F.}, year={2005}}